%% This BibTeX bibliography file was created using BibDesk.
%% http://bibdesk.sourceforge.net/


%% Created for Stephen J. Guy at 2012-11-15 22:52:46 -0600


%% Saved with string encoding Unicode (UTF-8)

@inproceedings{Canny:1988:AGC,
author = {John F. Canny},
title = {Some Algebraic and Geometric Computations in {PSPACE}},
booktitle = {Proceedings of ACM symposium on Theory of Computing},
year = {1988},
pages = {460-467}
}

@inproceedings{Canny:1988:CKP,
 author = {John F. Canny and Reif, J. and Donald, B. and Xavier, P.},
 title = {On the complexity of kinodynamic planning},
 booktitle = {Proceedings of Symposium on Foundations of Computer Science},
 year = {1988},
 pages = {306-316}}

@article{Halperin:2002:RGC,
author = {Halperin, Dan},
title = {Robust Geometric Computing in Motion},
volume = {21},
number = {3},
pages = {219-232},
year = {2002},
journal = {The International Journal of Robotics Research}
}

@INPROCEEDINGS{Reif:1979:CMP,
author={Reif, John H.},
booktitle={Proceedings of Annual Symposium on Foundations of Computer Science},
title={Complexity of the mover's problem and generalizations},
year={1979},
pages={421-427}}

 @INPROCEEDINGS{Cheng:2007:DMP,
author={Peng Cheng and Pappas, G. and Kumar, V.},
booktitle={Proceedings of International Conference on Robotics and Automation},
title={Decidability of Motion Planning with Differential Constraints},
year={2007},
pages={1826-1831}
}

@TECHREPORT{IFR:report,
  AUTHOR =        {Gudrun Litzenberger},
  TITLE =         {Professional service robots: Continued increase},
  INSTITUTION =   {Statistical Department, International Federation of Robotics},
  YEAR  =         {2012},
  URL   =         {http://www.worldrobotics.org/index.php?id=home&news_id=262}
}

@article{Brooks:2012:Baxter,
  author =       "Erico Guizzo and Evan Ackerman",
  title =        {How {Rethink Robotics} Built Its New {Baxter} Robot Worker},
  journal  =  "IEEE Spectrum",
  year = {2012}
}

@article{Fukushima:2011,
  author =       "Erico Guizzo",
  title =        {Robots Enter Fukushima Reactors, Detect High Radiation},
  journal  =  "IEEE Spectrum",
  year = {2011}
}

@article{AlphaDog:2012,
author = {Evan Ackerman},
title = {Latest AlphaDog Robot Prototypes Get Less Noisy, More Brainy},
journal = "IEEE Spectrum",
year = {2012}
}

@ARTICLE{Yamazaki:2012,
author={Yamazaki, K. and Ueda, R. and Nozawa, S. and Kojima, M. and Okada, K. and Matsumoto, K. and Ishikawa, M. and Shimoyama, I. and Inaba, M.},
journal={Proceedings of the IEEE},
title={Home-Assistant Robot for an Aging Society},
year={2012},
volume={100},
number={8},
pages={2429-2441}}

@misc{cspaceJapplet,
author = {Jeffrey Ichnowksi and Ron Alterovitz},
title = {Configuration Space Visualization of 2-D Robotics Manipulator},
howpublished = {Available at http://robotics.cs.unc.edu/interactive/2d-manipulator},
year = {2010}
}


@misc{PR2HumanityWeb,
Author = {Steve Cousins},
Title = {Robots for Humanity},
howpublished = {http://www.willowgarage.com/blog/2011/07/13/robots-humanity},
year = {2012}}

@article{Montemerlo:2008:JSE,
 author = {Montemerlo, Michael and Becker, Jan and Bhat, Suhrid and Dahlkamp, Hendrik and Dolgov, Dmitri and Ettinger, Scott and Haehnel, Dirk and Hilden, Tim and Hoffmann, Gabe and Huhnke, Burkhard and Johnston, Doug and Klumpp, Stefan and Langer, Dirk and Levandowski, Anthony and Levinson, Jesse and Marcil, Julien and Orenstein, David and Paefgen, Johannes and Penny, Isaac and Petrovskaya, Anna and Pflueger, Mike and Stanek, Ganymed and Stavens, David and Vogt, Antone and Thrun, Sebastian},
 title = {Junior: The Stanford entry in the Urban Challenge},
 journal = {Journal of Field Robotics},
 volume = {25},
 number = {9},
 month = sep,
 year = {2008},
 pages = {569-597}
}

@INPROCEEDINGS{Bonfe:2012,
author={Bonfe, M. and Boriero, F. and Dodi, R. and Fiorini, P. and Morandi, A. and Muradore, R. and Pasquale, L. and Sanna, A. and Secchi, C.},
booktitle={Proceedings of IEEE RAS EMBS International Conference on Biomedical Robotics and Biomechatronics},
title={Towards automated surgical robotics: A requirements engineering approach},
year={2012},
pages={56-61}}





 @inproceedings{Ratliff:2009,
   author = "Nathan Ratliff and Matthew Zucker and J. Andrew (Drew) Bagnell and Siddhartha Srinivasa",
   title = "{CHOMP}: Gradient Optimization Techniques for Efficient Motion Planning",
   booktitle = "Proceedings of International Conference on Robotics and Automation",
   pages = "489-494",
   year = "2009",
}

@INPROCEEDINGS{Likhachev05anytimedynamic,
    author = {Maxim Likhachev and Dave Ferguson and Geoff Gordon and Anthony Stentz and Sebastian Thrun},
    title = {Anytime dynamic {A}*: An anytime, replanning algorithm},
    booktitle = {Proceedings of the International Conference on Automated Planning and Scheduling},
    year = {2005}
}

@ARTICLE{LPT:SpatialPlanning:1983,
author={Lozano-P{\'e}rez, Tom\'{a}s},
journal={IEEE Transactions on Computers},
title={Spatial Planning: A Configuration Space Approach},
year={1983},
volume={C-32},
number={2},
pages={108-120}}

@ARTICLE{LPT:APM:1981,
author={Lozano-P{\'e}rez, Tom\'{a}s},
journal={IEEE Transactions on Systems, Man and Cybernetics},
title={Automatic Planning of Manipulator Transfer Movements},
year={1981},
volume={11},
number={10},
pages={681-698}}

@article{Lozano-Perez:1979:APC,
 author = {Lozano-P{\'e}rez, Tom\'{a}s and Wesley, Michael A.},
 title = {An algorithm for planning collision-free paths among polyhedral obstacles},
 journal = {Communications of the ACM},
 volume = {22},
 number = {10},
 month = oct,
 year = {1979},
 pages = {560-570}}


@ARTICLE{LPT:TPP:1989,
author={Lozano-P{\'e}rez, Tom\'{a}s and Jones, J.L. and Mazer, E. and O'Donnell, P.A.},
journal={Computer},
title={Task-level planning of pick-and-place robot motions},
year={1989},
volume={22},
number={3},
pages={21-29}}

@INPROCEEDINGS{KLP:2012:UPE,
author={Kaelbling, L.P. and Lozano-P{\'e}rez, Tom\'{a}s},
booktitle={Robotics and Automation, Proceedings of IEEE International Conference on},
title={Unifying perception, estimation and action for mobile manipulation via belief space planning},
year={2012},
pages={2952-2959}}


@INPROCEEDINGS{KLP:2011:NOW,
author={Kaelbling, L.P. and Lozano-P{\'e}rez, Tom\'{a}s},
booktitle={Robotics and Automation (ICRA), Proceedings of IEEE International Conference on},
title={Hierarchical task and motion planning in the now},
year={2011},
pages={1470-1477}}

@book{Astrom:1994:AC,
 author = {Astrom, Karl Johan and Wittenmark, Bjorn},
 title = {Adaptive Control},
 year = {1994},
 edition = {2nd},
 publisher = {Addison-Wesley Longman Publishing Co., Inc.},
 address = {Boston, MA, USA},
}


@book{Stengel:1994:OC,
    author = {Stengel, Robert F.},
    publisher = {Dover Publications},
    title = {{Optimal Control and Estimation (Dover Books on Advanced Mathematics)}},
    year = {1994}
}

@incollection{Chazelle:ADS:1987,
  author      = "B. Chazelle",
  title       = "Approximation and decomposition of shapes",
  editor      = "J. T. Schwartz and C. K. Yap",
  booktitle   = "Algorithmic and Geometric Aspects of Robotics",
  publisher   = "Lawrence Erlbaum Associates",
  address     = "Hillsdale, NJ",
  year        = 1987,
  pages = "145–185"
}

@article{Canny:CRS:1988,
author = "John F. Canny",
title = "constructing roadmaps of semi-algebraic sets",
journal = "Artificial Intelligence Journal",
volume = {37},
pages = {203-222},
year = {1988}
}





@inproceedings{LGLM00,
  author = "Eric Larsen and Stefan Gottschalk and Ming C. Lin and Dinesh Manocha",
  title = "Fast Distance Queries with Rectangular Swept Sphere Volumes",
  booktitle = "Proceedings of IEEE International Conference on Robotics and Automation",
  year = 2000,
  pages = "3719-3726"
}

@techreport{Pan:2013:PD,
    author    = {Anonymous},
    title     = {Efficient Penetration Depth Approximation using Active Learning: Supplementary Material},
    year      = {2013}
}

@MISC{SMOLA:1998:SVR,
  author =       "SMOLA, Alex J. and Bernhard SCHOLKOPF",
  title =        "A Tutorial on Support Vector Regression",
  year =         "1998",
}

@INPROCEEDINGS{Loy:2012,
author={Loy, C.C. and Hospedales, T.M. and Tao Xiang and Shaogang Gong},
booktitle={Proceedings of IEEE Conference on Computer Vision and Pattern Recognition},
title={Stream-based joint exploration-exploitation active learning},
year={2012},
pages={1560-1567}}


@INPROCEEDINGS{ Weller-RSS-09,
    AUTHOR    = {R. Weller AND G. Zachmann},
    TITLE     = {Inner sphere trees for proximity and penetration queries},
    BOOKTITLE = {Proceedings of Robotics: Science and Systems},
    YEAR      = {2009},
    ADDRESS   = {Seattle, USA},
    MONTH     = {June},
}


@inproceedings{Datar:2004:LHS,
 author = {Datar, Mayur and Immorlica, Nicole and Indyk, Piotr and Mirrokni, Vahab S.},
 title = {Locality-sensitive hashing scheme based on p-stable distributions},
 booktitle = {Symposium on Computational Geometry},
 year = {2004},
 pages = {253-262}}


@INPROCEEDINGS{Williams:2001:UTN,
    author = {Christopher Williams and Matthias Seeger},
    title = {Using the Nystr\"{o}m Method to Speed Up Kernel Machines},
    booktitle = {Advances in Neural Information Processing Systems 13},
    year = {2001},
    pages = {682-688}
}

@article{Je:2012:PRP,
 author = {Je, Changsoo and Tang, Min and Lee, Youngeun and Lee, Minkyoung and Kim, Young J.},
 title = {PolyDepth: Real-time penetration depth computation using iterative contact-space projection},
 journal = {ACM Transactions on Graphics},
 volume = {31},
 number = {1},
 month = Feb,
 year = {2012},
 pages = {5:1-5:14}
}




@techreport{Tang:2012:IGP,
    author    = {Min Tang and Young J. Kim},
    title     = {Interactive Generalized Penetration Depth Computation for Rigid and Articulated Models using Object Form},
    institution = {Department of Computer Science, Ewha Womans University},
    year      = {2012}
}

@incollection {Lien:2009:ASM,
   author = {Jyh-Ming Lien},
   title = {A Simple method for computing {Minkowski} sum boundary in {3D} using collision detection},
   booktitle = {Algorithmic Foundation of Robotics VIII},
   series = {Springer Tracts in Advanced Robotics},
   publisher = {Springer Berlin / Heidelberg},
   pages = {401-415},
   volume = {57},
   year = {2009}
}

@article{Lien:2008:CMS,
 author = {Lien, Jyh-Ming},
 title = {Covering {Minkowski} sum boundary using points with applications},
 journal = {Computer Aided Geometric Design},
 volume = {25},
 number = {8},
 year = {2008},
 pages = {652-666}}



 @inproceedings{Lien:2007:ACD,
 author = {Lien, Jyh-Ming and Amato, Nancy M.},
 title = {Approximate convex decomposition of polyhedra},
 booktitle = {Proceedings of the ACM symposium on Solid and physical modeling},
 year = {2007},
 pages = {121-131}
}

@INPROCEEDINGS{Kim:2002:DEEP,
    author = {Young J. Kim and Ming C. Lin and Dinesh Manocha},
    title = {{DEEP}: Dual-space Expansion for Estimating Penetration depth between convex polytopes},
    booktitle = {Proceedings of International Conference on Robotics and Automation},
    year = {2002},
    pages = {921-926}
}

@inproceedings{Kim:2002:FPD,
 author = {Kim, Young J. and Otaduy, Miguel A. and Lin, Ming C. and Manocha, Dinesh},
 title = {Fast penetration depth computation for physically-based animation},
 booktitle = {Proceedings of SIGGRAPH/Eurographics Symposium on Computer Animation},
 year = {2002},
 pages = {23-31}
}

@article{Hanneke:2013,
author = {Steve Hanneke},
title = {A Statistical Theory of Active Learning},
pages = {1-212},
volume = {},
number = {},
journal = {Foundations and Trends in Machine Learning},
year = {2013}}

@book{Samet:2005:FMM,
 author = {Samet, Hanan},
 title = {Foundations of Multidimensional and Metric Data Structures},
 year = {2005},
 publisher = {Morgan Kaufmann Publishers Inc.}
}

@book{Mohri:2012:FML,
author = {Mehryar Mohri and Afshin Rostamizadeh and Ameet Talwalkar},
title = {Foundations of Machine Learning},
year = {2012},
publisher = {The MIT Press}
}


@article{Cohn:ML:1994,
year = {1994},
author = {D. Cohn and L. Atlas and R. Ladner},
title = {Improving generalization with active learning},
journal = {Machine Learning},
volume = {15},
number = {2},
pages = {201-221}}

@article{Balcan:2010:TSC,
year={2010},
journal={Machine Learning},
volume={80},
issue={2-3},
title={The true sample complexity of active learning},
author={Balcan, Maria-Florina and Hanneke, Steve and Vaughan, JenniferWortman},
pages={111-139},
}



@inproceedings{Chakrabarti:FOCS,
 author = {Chakrabarti, Amit and Regev, Oded},
 title = {An Optimal Randomized Cell Probe Lower Bound for Approximate Nearest Neighbor Searching},
 booktitle = {Proceedings of IEEE Symposium on Foundations of Computer Science},
 year = {2004},
 pages = {473-482}}


@inproceedings{Cameron:1986:DMT,
author={ Cameron, S. and Culley, R.},
booktitle = {Proceedings of IEEE International Conference on Robotics and Automation},
title={Determining the minimum translational distance between two convex polyhedra},
year={1986},
pages={591-596, volume 3}
}


@article {Dobkin:1993:CID,
   author = {Dobkin, David and Hershberger, John and Kirkpatrick, David and Suri, Subhash},
   title = {Computing the intersection-depth of polyhedra},
   journal = {Algorithmica},
   pages = {518-533},
   volume = {9},
   number = {6},
   year = {1993}
}


@article{Moore:1988:CDR,
 author = {Moore, Matthew and Wilhelms, Jane},
 title = {Collision Detection and Response for Computer Animation},
 journal = {Computer Graphics},
 volume = {22},
 number = {4},
 month = Jun,
 year = {1988},
 pages = {289-298}
}

@article{Mihai:2004:CST,
author = {Mihai Anitescu and Gary D. Hart},
title = {A constraint-stabilized Time-stepping Approach for Rigid Multibody Dynamics with Joints, Contact and Friction},
journal = {International Journal for Numerical Methods in Engineering},
volume = {60},
number = {14},
pages = {2335-2371},
year = {2004},
month = Aug
}

@article{Zhang:2008:ECL,
author = {Liangjun Zhang and Young J. Kim and Dinesh Manocha},
title = {Efficient Cell Labelling and Path Non-existence Computation using C-obstacle Query},
journal = {International Journal of Robotics Research},
volume = {27},
number = {11-12},
pages = {625-638},
year = {2008},
month = {Nov.-Dec.}
}

@MISC{Erin:2012:Box2D,
  author =       "Erin Catto",
  title =        {{Box2D}: A 2D Physics Engine for Games},
  howpublished  =       "http://box2d.org",
  year = {2010}
}

@MISC{Erwin:2012:Bullet,
  author =       "Erwin Coumans",
  title =        {Bullet Physics Library},
  howpublished  =       "http://bulletphysics.org",
  year = {2010}
}



@article{Redon:2006:AFM,
title = {A fast method for local penetration depth computation},
author = {Stephane Redon and Ming C. Lin},
journal = {Graphical Tools},
volume = {8},
number = {1},
pages = {63-70},
year = {2006}
}


2. @article{Guendelman:2003:NRB,
 author = {Guendelman, Eran and Bridson, Robert and Fedkiw, Ronald},
 title = {Nonconvex rigid bodies with stacking},
 journal = {ACM Transactions on Graphics},
 volume = {22},
 number = {3},
 year = {2003},
 pages = {871-878}
}

@BOOK{Baraff:1998:LSC,
AUTHOR = "Baraff, David and Witkin, Andrew",
TITLE  = "Physically Based Modeling",
PUBLISHER ="ACM SIGGRAPH Course Notes",
YEAR = "2001"
 }


@article{Nawratil:2009:GPD,
 author = {Nawratil, Georg and Pottmann, Helmut and Ravani, Bahram},
 title = {Generalized penetration depth computation based on kinematical geometry},
 journal = {Computer Aided Geometric Design},
 volume = {26},
 number = {4},
 month = may,
 year = {2009},
 pages = {425-443}
}




@inproceedings{Zhang:2007:CED,
 author = {Zhang, Liangjun and Kim, Young J. and Manocha, Dinesh},
 title = {{C-DIST}: efficient distance computation for rigid and articulated models in configuration space},
 booktitle = {Proceedings of ACM symposium on Solid and physical modeling},
 year = {2007},
 pages = {159-169}}


@inproceedings{Andoni:2009:ALN,
 author = {Andoni, Alexandr and Indyk, Piotr and Krauthgamer, Robert and Nguyen, Huy L.},
 title = {Approximate line nearest neighbor in high dimensions},
 booktitle = {Proceedings of ACM-SIAM Symposium on Discrete Algorithms},
 year = {2009},
 pages = {293-301}
}

@ARTICLE{Basri:2011,
author={Basri, R. and Hassner, T. and Zelnik-Manor, L.},
journal={IEEE Transactions on Pattern Analysis and Machine Intelligence},
title={Approximate Nearest Subspace Search},
year={2011},
month={Feb. },
volume={33},
number={2},
pages={266-278}}

@article{Andoni:2008:NHA,
 author = {Andoni, Alexandr and Indyk, Piotr},
 title = {Near-optimal hashing algorithms for approximate nearest neighbor in high dimensions},
 journal = {Communications of the ACM},
 volume = {51},
 number = {1},
 month = {Jan.},
 year = {2008},
 pages = {117-122}
}

@inproceedings{Jain:nips:2010,
author = {Jain, P. and Vijayanarasimhan, S. and Grauman, Kristen},
title = {Hashing Hyperplane Queries to Near Points with Applications to Large-Scale Active Learning},
booktitle = {Neural Information Processing Systems},
year = {2010}
}

@inproceedings{Gino:2001:GDC,
author = {Gino van den Bergen},
title = {Proximity Queries and Penetration Depth Computation on {3D} Game Objects},
year = {2001},
booktitle = {Game Developers Conference}
}

@inproceedings{Agarwal:2000:CPD,
 author = {Agarwal, Pankaj K. and Guibas, Leonidas J. and Har-Peled, Sariel and Rabinovitch, Alexander and Sharir, Micha},
 title = {Computing the Penetration Depth of Two Convex Polytopes in {3D}},
 booktitle = {Proceedings of Scandinavian Workshop on Algorithm Theory},
 year = {2000},
 pages = {328-338}
}


@article{Wang:CBO:2012,
title = {Configuration-based Optimization for Six Degree-of-Freedom Haptic Rendering for Fine Manipulation},
author = {Dangxiao Wang and Shuai Liu and Xin Zhang and Jing Xiao},
journal = {IEEE Transactions on Haptics},
year = {2012},
pages = {332-343},
volume = {5},
number = {4}
}

@article{Tang:2012:CPF,
 author = {Tang, Min and Manocha, Dinesh and Otaduy, Miguel A. and Tong, Ruofeng},
 title = {Continuous penalty forces},
 journal = {ACM Transactions on Graphics},
 volume = {31},
 number = {4},
 year = {2012},
 pages = {107:1-107:9}
}

@inproceedings{Silpa:OKD:2008,
author={Silpa-Anan, C. and Hartley, R.},
booktitle={IEEE Conference on Computer Vision and Pattern Recognition},
title={Optimized {KD}-trees for fast image descriptor matching},
year={2008},
pages={1-8}}

@inproceedings{Muja:2009:FAN,
  author    = {Marius Muja and David G. Lowe},
  title     = {Fast Approximate Nearest Neighbors with Automatic Algorithm Configuration},
  booktitle = {International Conference on Computer Vision Theory and Application},
  year      = {2009},
  pages     = {331-340}
}

@inproceedings{Dasgupta:2008:RPT,
 author = {Dasgupta, Sanjoy and Freund, Yoav},
 title = {Random projection trees and low dimensional manifolds},
 booktitle = {Proceedings of Symposium on Theory of Computing},
 year = {2008},
 pages = {537-546}
}

@inproceedings{Brin:1995:NNS,
 author = {Brin, Sergey},
 title = {Near Neighbor Search in Large Metric Spaces},
 booktitle = {Proceedings of International Conference on Very Large Data Bases},
 year = {1995},
 pages = {574-584}
}

@inproceedings{Varadhan:2006:TPA,
title = {Topology Preserving Approximation of Free Configuration Space},
author = {Gokul Varadhan and Young J. Kim and Shankar Krishnan and Dinesh Manocha},
year = {2006},
pages = {3041-3048},
booktitle = {Proceedings of International Conference on Robotics and Automation}
}

@inproceedings{Pan:2012:IBL,
title = {Faster Sample-based Motion Planning using Instance-based Learning},
author = {Jia Pan and Sachin Chitta and Dinesh Manocha},
year = {2012},
booktitle = {International Workshop on the Algorithmic Foundations of Robotics}}

@inproceedings{Pan:2011:ISRR,
title = {Probabilistic Collision Detection between Noisy Point Clouds using Robust Classification},
author = {Jia Pan and Sachin Chitta and Dinesh Manocha},
year = {2011},
booktitle = {Proceedings of International Symposium on Robotics Research}
}

@inproceedings{Doshi:2007:ISRR,
title = {Collision detection in legged locomotion using supervised learning},
author = {Finale Doshi and Emma Brunskill and Alexander Shkolnik and Thomas Kollar and Khashayar Rohanimanesh},
year = {2007},
booktitle = {IEEE/RSJ International Conference on Intelligent Robots and Systems}
}


@inproceedings{Ji:2000:ORS,
title = {On Random Sampling in Contact Configuration Space},
author = {Xuerong Ji and Jing Xiao},
year = {2000},
booktitle = {International Workshop on the Algorithmic Foundations of Robotics}}

@article{Hauser:2011:RMM,
title = {Randomized multi-modal motion planning for a humanoid robot manipulation task},
author = {Kris Hauser and Victor Ng-Thow-Hing},
year = {2011},
journal = {International Journal on Robotics Research},
volume = {30},
number = {6},
pages = {678-698}}

@inproceedings{Berenson:2009:MPC,
 author = {Berenson, Dmitry and Srinivasa, Siddhartha S. and Ferguson, Dave and Kuffner, James J.},
 title = {Manipulation planning on constraint manifolds},
 booktitle = {Proceedings of International conference on Robotics and Automation},
 year = {2009},
 pages = {1383-1390}
}

@inproceedings{Huang:2010:ALQ,
author = {Sheng-Jun Huang and Rong Jin and Zhi-Hua Zhou},
title = {Active Learning by Querying Informative and Representive Examples},
booktitle = {Proceedings of Advances in Neural Information Processing Systems},
year = {2010}}

@inproceedings{Campbell:2000:QLL,
 author = {Campbell, Colin and Cristianini, Nello and Smola, Alex J.},
 title = {Query Learning with Large Margin Classifiers},
 booktitle = {Proceedings of International Conference on Machine Learning},
 year = {2000},
 pages = {111-118}
}

@article{Tong:2002:SVM,
 author = {Tong, Simon and Koller, Daphne},
 title = {Support vector machine active learning with applications to text classification},
 journal = {Journal of Machine Learning Res.},
 volume = {2},
 year = {2002},
 pages = {45-66}
}

@INPROCEEDINGS{Zhang03explorationand,
    author = {Yi Zhang and Wei Xu and Jamie Callan},
    title = {Exploration and exploitation in adaptive filtering based on Bayesian active learning},
    booktitle = {Proceedings of International Conference on Machine Learning},
    year = {2003},
    pages = {896-903}
}

@INPROCEEDINGS{Kroemer:2009,
author={Kroemer, O. and Detry, R. and Piater, J. and Peters, J.},
booktitle={Proceedings of IEEE/RSJ International Conference on Intelligent Robots and Systems},
title={Active learning using mean shift optimization for robot grasping},
year={2009},
pages={2610-2615}}

@inproceedings{Krause:2007:NAL,
 author = {Krause, Andreas and Guestrin, Carlos},
 title = {Nonmyopic active learning of {Gaussian} processes: an exploration-exploitation approach},
 booktitle = {Proceedings of International Conference on Machine learning},
 year = {2007},
 pages = {449-456}
}

@article{Murphy:2011:active,
author = {Robert F. Murphy},
title = {An active role for machine learning in drug development},
journal = {Nature Chemical Biology},
volume = {7},
number = {6},
year = {2011},
pages = {327-330}
}


@inproceedings{Cauwenberghs:2001:IDS,
author = {Gert Cauwenberghs and Tomaso Poggio},
title = {Incremental and decremental support vector machine learning},
booktitle = {Proceedings of Advances in Neural Information Processing Systems},
year = {2001}
}

@inproceedings{Karasuyama:2009:MID,
title = {Multiple Incremental Decremental Learning of
Support Vector Machines},
author = {Masayuki Karasuyama and Ichiro Takeuchi},
booktitle = {Proceedings of Advances in Neural Information Processing Systems},
year = {2009}}


@article{Tang:2009:IHD,
 author = {Tang, Min and Lee, Minkyoung and Kim, Young J.},
 title = {Interactive Hausdorff distance computation for general polygonal models},
 journal = {ACM Transactions on Graphics},
 volume = {28},
 number = {3},
 year = {2009},
 pages = {74:1-74:9}
}

@book{Vapnik:1995:NSL,
 author = {Vapnik, Vladimir N.},
 title = {The Nature of Statistical Learning Theory},
 year = {1995},
 publisher = {Springer-Verlag New York, Inc.},
 address = {New York, NY, USA},
}

@inproceedings{Frisken:2000:ASD,
 author = {Frisken, Sarah F. and Perry, Ronald N. and Rockwood, Alyn P. and Jones, Thouis R.},
 title = {Adaptively sampled distance fields: a general representation of shape for computer graphics},
 booktitle = {Proceedings of SIGGRAPH},
 year = {2000},
 pages = {249-254},
}

@inproceedings{Lefebvre:2007:CRT,
 author = {Lefebvre, Sylvain and Hoppe, Hugues},
 title = {Compressed random-access trees for spatially coherent data},
 booktitle = {Proceedings of the Eurographics conference on Rendering Techniques},
 year = {2007},
 pages = {339-349},
}


@inproceedings{Yu:2011:EIS,
 author = {Yu, Hwanjo and Ko, Ilhwan and Kim, Youngdae and Hwang, Seungwon and Han, Wook-Shin},
 title = {Exact indexing for support vector machines},
 booktitle = {Proceedings of ACM SIGMOD International Conference on Management of Data},
 year = {2011},
 pages = {709-720}
}

@inproceedings{Panda:2006:ETH,
 author = {Panda, Navneet and Chang, Edward Y.},
 title = {Efficient top-k hyperplane query processing for multimedia information retrieval},
 booktitle = {Proceedings of ACM International Conference on Multimedia},
 year = {2006},
 pages = {317-326},
}

@article{Drumwright:2008:FSP,
 author = {Drumwright, Evan},
 title = {A Fast and Stable Penalty Method for Rigid Body Simulation},
 journal = {IEEE Transactions on Visualization and Computer Graphics},
 volume = {14},
 number = {1},
 year = {2008},
 pages = {231-240}
}

@INPROCEEDINGS{Yamane:ICRA:2006,
author={Yamane, K. and Nakamura, Y.},
booktitle={Proceedings of IEEE International Conference on Robotics and Automation},
title={Stable penalty-based model of frictional contacts},
year={2006},
pages={1904-1909}}


@inproceedings{Cameron:ICRA:1997,
    author = "Stephen Cameron",
    title = "Enhancing {GJK}: Computing Minimum and Penetration Distance between
  Convex Polyhedra",
    booktitle = "Proceedings of IEEE International Conference on Robotics and Automation",
    pages = "3112-3117",
    year = "1997"
}


@article{Ong:TRO:1996,
  author = "Chong Jin Ong and Elmer G. Gilbert",
  title = "Growth Distances: New Measures for Object Separation and
           Penetration",
  journal = "IEEE Transactions on Robotics and Automation",
  volume = "12",
  number = "6",
  year =   1996,
  pages = "888-903"
}

@article{Hachenberger09,
 author = {Hachenberger, Peter},
 title = {Exact Minkowksi Sums of Polyhedra and Exact and Efficient Decomposition of Polyhedra into Convex Pieces},
 journal = {Algorithmica},
 volume = {55},
 number = {2},
 year = {2009},
 pages = {329-345},
 }

 @inproceedings{Hsu:2009:SSR,
 author = {Hsu, Shu-Wei and Keyser, John},
 title = {Statistical simulation of rigid bodies},
 booktitle = {Proceedings of Eurographics Symposium on Computer Animation},
 year = {2009},
 pages = {139-148}
}

@article{Jones:2006:DFS,
 author = {Jones, Mark W. and Baerentzen, J. Andreas and Sramek, Milos},
 title = {{3D} Distance Fields: A Survey of Techniques and Applications},
 journal = {IEEE Transactions on Visualization and Computer Graphics},
 volume = {12},
 number = {4},
 year = {2006},
 pages = {581-599}}

 @inproceedings{Matthias:2004:STAR,
    title = {{Collision Detection for Deformable Objects}},
    author = {Teschner, Matthias and Kimmerle, Stefan and Heidelberger, Bruno and Zachmann, Gabriel and Raghupathi, Laks and Fuhrmann, Arnulph and Cani, Marie-Paule and Faure, Fran{\c c}ois and Magnenat-Thalmann, Nadia and Strasser, Wolfgang and Volino, Pascal},
booktitle = {{Eurographics State-of-the-Art Report (EG-STAR)}},
    year = {2004}
}

 @inproceedings{Sud:2006:IDF,
 author = {Sud, Avneesh and Govindaraju, Naga and Gayle, Russell and Manocha, Dinesh},
 title = {Interactive {3D} distance field computation using linear factorization},
 booktitle = {Proceedings of symposium on Interactive 3D graphics and games},
 year = {2006},
 pages = {117-124}
}

@inproceedings{Qu:2004:FPD,
 author = {Qu, Huamin and Zhang, Nan and Shao, Ran and Kaufman, Arie and Mueller, Klaus},
 title = {Feature Preserving Distance Fields},
 booktitle = {Proceedings of the IEEE Symposium on Volume Visualization and Graphics},
 year = {2004},
 pages = {39-46}
}

@article{Houston:2006:HRL,
 author = {Houston, Ben and Nielsen, Michael B. and Batty, Christopher and Nilsson, Ola and Museth, Ken},
 title = {Hierarchical RLE level set: A compact and versatile deformable surface representation},
 journal = {ACM Transactions on Graphics},
 volume = {25},
 number = {1},
 year = {2006},
 pages = {151-175}}

 @book{Eric2004book,
 author = {Ericson, Christer},
 title = {Real-Time Collision Detection},
 year = {2004},
 publisher = {CRC Press}
 }

 @article{Yujian:2011:MGP,
 author = {Yujian, Li and Bo, Liu and Xinwu, Yang and Yaozong, Fu and Houjun, Li},
 title = {Multiconlitron: A General Piecewise Linear Classifier},
 journal = {IEEE Transactions on Neural Networks},
 volume = {22},
 number = {2},
 year = {2011},
 pages = {276-289}
}

@incollection{Shoemake:1992:URR,
 author = {Shoemake, Ken},
 chapter = {Uniform random rotations},
 title = {Graphics Gems III},
 editor = {Kirk, David},
 year = {1992},
 pages = {124-132}
}


@article{Baram:2004:OCA,
 author = {Baram, Yoram and El-Yaniv, Ran and Luz, Kobi},
 title = {Online Choice of Active Learning Algorithms},
 journal = {Journal of Machine Learning Research},
 volume = {5},
 year = {2004},
 pages = {255-291}
}

@inproceedings{Osugi:2005:BEE,
 author = {Osugi, Thomas and Kun, Deng and Scott, Stephen},
 title = {Balancing Exploration and Exploitation: A New Algorithm for Active Machine Learning},
 booktitle = {Proceedings of IEEE International Conference on Data Mining},
 year = {2005},
 pages = {330-337}
}


@article{Wilhelms:1992:OFI,
 author = {Wilhelms, Jane and Van Gelder, Allen},
 title = {Octrees for faster isosurface generation},
 journal = {ACM Transactions on Graphics},
 volume = {11},
 number = {3},
 year = {1992},
 pages = {201-227}
}

@article{Livnat:1996:NOI,
 author = {Livnat, Yarden and Shen, Han-Wei and Johnson, Christopher R.},
 title = {A Near Optimal Isosurface Extraction Algorithm Using the Span Space},
 journal = {IEEE Transactions on Visualization and Computer Graphics},
 volume = {2},
 number = {1},
 year = {1996},
 pages = {73-84}
}


@book{Robert:2005:MCS,
 author = {Robert, Christian P. and Casella, George},
 title = {Monte Carlo Statistical Methods},
 year = {2005},
 publisher = {Springer-Verlag},
 address = {Secaucus, NJ, USA},
}

@inproceedings{Gottschalk:1996:OHS,
 author = {Gottschalk, S. and Lin, M. C. and Manocha, D.},
 title = {{OBBTree}: a hierarchical structure for rapid interference detection},
 booktitle = {Proceedings of SIGGRAPH},
 year = {1996},
 pages = {171-180}}


@inproceedings{Catanzaro:2008:FSV,
 author = {Catanzaro, Bryan and Sundaram, Narayanan and Keutzer, Kurt},
 title = {Fast support vector machine training and classification on graphics processors},
 booktitle = {Proceedings of International conference on Machine learning},
 year = {2008},
 pages = {104-111}
}

@article{Lauterbach:2010:GHG,
author = {Christian Lauterbach and Qi Mo and Dinesh Manocha},
title = {{gProximity}: Hierarchical {GPU}-based operations for collision and distance queries},
journal = {Computer Graphics Forum},
volume ={29},
number = {2},
pages ={419–428},
year = {2010}
}

@inproceedings{Pan:2011:GIS,
author = {Jia Pan and Dinesh Manocha},
title = {Fast {GPU}-based locality sensitive hashing for k-nearest neighbor computation},
booktitle = {Proceedings of SIGSPATIAL International Symposium on Advances in Geographic Information Systems},
year = {2011},
pages = {211-220}}

@article {Choi:CGF:2009,
author = {Choi, Myung Geol and Ju, Eunjung and Chang, Jung-Woo and Lee, Jehee and Kim, Young J.},
title = {Linkless Octree Using Multi-Level Perfect Hashing},
journal = {Computer Graphics Forum},
volume = {28},
number = {7},
pages = {1773-1780},
year = {2009}
}

@inproceedings{Wang12,
 author = {Wang, Bin and Faure, Fran\c{c}ois and Pai, Dinesh K.},
 title = {Adaptive image-based intersection volume},
 booktitle = {Proceedings of SIGGRAPH},
 year = {2012},
 pages = {97:1-97:9}
}

@inproceedings{Heidelberger04,
title = {Consistent penetration depth estimation for deformable collision response},
booktitle = {International Fall Workshop
on vision, modeling and visualization},
author = {Bruno Heidelberger and Matthias Teschner and Richard Keiser and Matthias Müller and Markus H. Gross},
year = {2004},
pages = {339-346}}
}





@INPROCEEDINGS{Burns:2003:ITC,
author={Burns, B. and Brock, O.},
booktitle={Proceedings of IEEE/RSJ International Conference on Intelligent Robots and Systems},
title={Information theoretic construction of probabilistic roadmaps},
year={2003},
pages={650-655 vol.1}}

@INPROCEEDINGS{Burns:2005:SQE,
author={Burns, B. and Brock, O.},
booktitle={Proceedings of IEEE International Conference on Robotics and Automation},
title={Single-Query Entropy-Guided Path Planning},
year={2005},
pages={2124-2129}}

@inproceedings{Bawa:2005:LFS,
 author = {Bawa, Mayank and Condie, Tyson and Ganesan, Prasanna},
 title = {{LSH} forest: self-tuning indexes for similarity search},
 booktitle = {Proceedings of International Conference on World Wide Web},
 year = {2005},
 pages = {651-660}
}



@inproceedings{Dong:2008:MLP,
 author = {Dong, Wei and Wang, Zhe and Josephson, William and Charikar, Moses and Li, Kai},
 title = {Modeling {LSH} for performance tuning},
 booktitle = {Proceedings of Conference on Information and Knowledge Management},
 year = {2008},
 pages = {669-678}
}

@ARTICLE{Cohn96activelearning,
    author = {David A. Cohn and Zoubin Ghahramani and Michael I. Jordan},
    title = {Active Learning with Statistical Models},
    journal = {Journal of Artificial Intelligence Research},
    year = {1996},
    volume = {4},
    pages = {129-145}
}

@inproceedings{Joly:2008:PML,
 author = {Joly, Alexis and Buisson, Olivier},
 title = {A posteriori multi-probe locality sensitive hashing},
 booktitle = {Proceedings of International Conference on Multimedia},
 year = {2008},
 pages = {209-218}
}

@article{Tao:2010:EAN,
 author = {Tao, Yufei and Yi, Ke and Sheng, Cheng and Kalnis, Panos},
 title = {Efficient and accurate nearest neighbor and closest pair search in high-dimensional space},
 journal = {ACM Transactions on Database Systems},
 volume = {35},
 issue = {3},
 year = {2010},
 pages = {20:1-20:46}
}

 @inproceedings{Kang:2004:HLS,
 author = {Zixiang Kang and Wei Tasng OOi and Qibin Sun},
 title = {Hierarchical, non-uniform locality sensitive hashing and its application to video identification},
 booktitle = {Proceedings of International Conference on Multimedia and Expo},
 pages = {743-746},
 year = {2004}
 }

 @INPROCEEDINGS{Jegou:2008,
author = {Herv\'{e} J\'{e}gou and Laurent Amsaleg and Cordelia Schmid and Patrick Gros},
title = {Query adaptative locality sensitive hashing},
booktitle = {Proceedings of International Conference on Acoustics, Speech and Signal Processing},
year = {2008},
pages = {825-828}}

@inproceedings{Andoni:2006:NHA,
 author = {Andoni, Alexandr and Indyk, Piotr},
 title = {Near-Optimal Hashing Algorithms for Approximate Nearest Neighbor in High Dimensions},
 booktitle = {Proceedings of Symposium on Foundations of Computer Science},
 year = {2006},
 pages = {459-468}
}

@article{Pauleve:2010,
 author = {Paulev\'{e}, Lo\"{\i}c and J\'{e}gou, Herv\'{e} and Amsaleg, Laurent},
 title = {Locality sensitive hashing: A comparison of hash function types and querying mechanisms},
 journal = {Pattern Recognition Letters},
 volume = {31},
 issue = {11},
 year = {2010},
 pages = {1348-1358}
}

@article{Knepper:2012:IJRR,
author = {Ross A. Knepper and Matthew T. Mason},
title = {Real-time informed path sampling for motion planning search},
journal = {International Journal of Robotics Research},
year = {2012},
volume = {31},
number = {11},
pages = {1231-1250}
}



@inproceedings{Bialkowski:2012,
author = {Joshua Bialkowski and Sertac Karaman and Michael Otte and Emilio Frazzoli},
title = {Efficient Collision Checking in Sampling-based Motion Planning},
booktitle = {Proceedings of International Workshop on the Algorithmic Foundations of Robotics},
year = {2012}}

@INPROCEEDINGS{Stolle:2006,
author={Martin Stolle and Christopher G. Atkeson},
booktitle={Proceedings of International Conference on Robotics and Automation},
title={Policies based on trajectory libraries},
year={2006},
pages={3344-3349}}

@inproceedings{Pan:WAFR:2012,
author = {Jia Pan and Sachin Chitta and Dinesh Manocha},
title = {Faster Sample-based Motion Planning using Instance-based Learning},
booktitle = {Proceedings of International Workshop on the Algorithmic Foundations of Robotics},
year = {2012}}


@inproceedings{octomap,
  author = {K. M. Wurm and A. Hornung and  M. Bennewitz and C. Stachniss and W. Burgard},
  title = {{OctoMap}: A Probabilistic, Flexible, and Compact {3D} Map
  Representation for Robotic Systems},
  booktitle = {Proceedings of the ICRA 2010 Workshop on Best Practice in
  {3D} Perception and Modeling for Mobile Manipulation},
  year = 2010,
}

@inproceedings{Jiang:2007,
title = {Learning Humanoid Reaching Tasks in Dynamic Environments},
author = {Xiaoxi Jiang and Marcelo Kallmann},
booktitle = {Proceedings of International Conference on Intelligent Robots and Systems},
year = {2007},
pages = {1148-1153}}

@inproceedings{Mike:2012,
title = {{E-Graphs}: Bootstrapping Planning with Experience Graphs},
author = {Mike Phillips and Benjamin Cohen and Sachin Chitta and Maxim Likhachev},
booktitle = {Proceedings of Robotics: Science and Systems},
year = {2012}}

@inproceedings{Branicky:2008,
title = {Path and trajectory diversity: theory and algorithms},
author = {Michael S. Branicky and Ross A. Knepper and James J. Kuffner},
booktitle = {Proceedings of International Conference on Robotics and Automation},
year = {2008},
pages = {1359-1364}}

@inproceedings{Zucker:2007,
title = {Multipartite RRTs for Rapid Replanning in Dynamic Environments},
author = {Matt Zucker and James Kuffner and Michael Branicky},
booktitle = {Proceedings of International Conference on Robotics and Automation},
year = {2007},
pages = {1603-1609}}

@inproceedings{Jetchev:2009,
title = {Trajectory prediction: Learning to map situations to robot trajectories},
author = {Nikolay Jetchev and Marc Toussaint},
booktitle = {Proceedings of International Conference on Machine Learning},
year = {2009},
pages = {449-456}}

@inproceedings{Jetchev:2010,
title = {Trajectory Prediction in Cluttered Voxel Environments},
author = {Nikolay Jetchev and Marc Toussaint},
booktitle = {Proceedings of International Conference on Robotics and Automation},
year = {2010},
pages = {2523-2528}}

@inproceedings{Erickson:2009,
title = {Survivability: Measuring and Ensuring Path Diversity},
author = {Lawrence H. Erickson and Steven M. LaValle},
booktitle = {Proceedings of International Conference on Robotics and Automation},
year = {2009},
pages = {2068-2073}}

@inproceedings{Berenson:2012,
title = {A robot path planning framework that learns from experience},
author = {Dmitry Berenson and Pieter Abbeel and Ken Goldberg},
booktitle = {Proceedings of International Conference on Robotics and Automation},
year = {2012},
pages = {3671-3678}}


@inproceedings{Marco:2004,
title = {A Machine Learning Approach for Feature-Sensitive Motion Planning},
author = {Marco Morales and Lydia Tapia and Roger Pearce and Samuel Rodriguez and Nancy M. Amato},
booktitle = {Proceedings of International Workshop on Algorithmic Foundations of Robotics},
year = {2004},
pages = {361-376}
}

@article{Sertac:IJRR:2011,
title = {Sampling-based algorithms for optimal motion planning},
author = {Sertac Karaman and Emillo Frazzoli},
journal = {International Journal of Robotics Research},
year = {2011},
volume = {30},
number = {7},
pages = {846-894}
}

@article{DBLP:journals:shkolnik,
  author    = {Alexander C. Shkolnik and
               Russ Tedrake},
  title     = {Sample-Based Planning with Volumes in Configuration Space},
  journal   = {CoRR},
  volume    = {abs/1109.3145},
  year      = {2011}
}

@INPROCEEDINGS{Alejandro:2011,
author={Perez, Alejandro and Karaman, Sertac and Shkolnik, Alexander and Frazzoli, Emilio and Teller, Seth and Walter, Matthew R.},
booktitle={Proceedings of IEEE/RSJ International Conference on Intelligent Robots and Systems},
title={Asymptotically-optimal path planning for manipulation using incremental sampling-based algorithms},
year={2011},
pages={4307-4313}}


@incollection {Kurniawati:2008,
   author = {Kurniawati, Hanna and Hsu, David},
   title = {Workspace-Based Connectivity Oracle: An Adaptive Sampling Strategy for {PRM} Planning},
   booktitle = {Algorithmic Foundation of Robotics VII},
   series = {Springer Tracts in Advanced Robotics},
   pages = {35-51},
   volume = {47},
   year = {2008}
}


@article{Dalibard:2011,
author = {S\'{e}bastien Dalibard and Jean-Paul Laumond},
title = {Linear dimensionality reduction in random motion planning},
journal = {International Journal of Robotics Research},
volume = {30},
number = {12},
month = {Oct.},
year = {2011},
pages = {1461-1476}
}

@inproceedings{Vernaza:2011,
author = {Paul Vernaza and Daniel D. Lee},
title = {Learning Dimensional Descent for Optimal
Motion Planning in High-Dimensional Spaces},
booktitle = {Proceedings of AAAI Conference on Artificial Intelligence},
year = {2011}
}

@INPROCEEDINGS{Vernaza:2011:IROS,
author={Vernaza, Paul and Lee, Daniel D.},
booktitle={Proceedings of IEEE/RSJ International Conference on Intelligent Robots and Systems},
title={Learning Dimensional Descent planning for a highly-articulated robot arm},
year={2011},
pages={2186-2191}}

@INPROCEEDINGS{Yanbo:2011,
author={Yanbo Li and Bekris, K.E.},
booktitle={Proceedings of IEEE International Conference on Robotics and Automation},
title={Learning approximate cost-to-go metrics to improve sampling-based motion planning},
year={2011},
pages={4196-4201}}



@inproceedings{Xu:2005:USM,
 author = {Xu, Linli and Schuurmans, Dale},
 title = {Unsupervised and semi-supervised multi-class support vector machines},
 booktitle = {Proceedings of AAAI Conference on Artificial Intelligence},
 year = {2005},
 pages = {904-910}
}

@INPROCEEDINGS{Rodriguez:2006,
author={Rodriguez, S. and Xinyu Tang and Jyh-Ming Lien and Amato, N.M.},
booktitle={Proceedings of IEEE International Conference on Robotics and Automation},
title={An obstacle-based rapidly-exploring random tree},
year={2006},
pages={895-900}}

@inproceedings{Hsu:1998:FNP,
 author = {Hsu, David and Kavraki, Lydia E. and Latombe, Jean-Claude and Motwani, Rajeev and Sorkin, Stephen},
 title = {On finding narrow passages with probabilistic roadmap planners},
 booktitle = {Proceedings of Workshop on the Algorithmic Foundations of Robotics on Robotics},
 year = {1998},
 pages = {141-153}
}



@inproceedings{Thorup:2007:COA,
 author = {Thorup, Mikkel},
 title = {Compact oracles for approximate distances around obstacles in the plane},
 booktitle = {Proceedings of Annual European Conference on Algorithms},
 year = {2007},
 pages = {383-394}
}


@article{Zhang:2007:GPD,
 author = {Zhang, Liangjun and Kim, Young J. and Varadhan, Gokul and Manocha, Dinesh},
 title = {Generalized penetration depth computation},
 journal = {Computer Aided Design},
 volume = {39},
 number = {8},
 year = {2007},
 pages = {625-638}
}



@inproceedings{Zhang:2007:AFP,
author = {Liangjun Zhang and Young J. Kim and Dinesh Manocha},
title = {A Fast and Practical Algorithm for Generalized Penetration Depth Computation},
booktitle = {Robotics: Science and Systems},
year = {2007}
}

@INPROCEEDINGS{Zhang:2008:ICRA,
author={Liangjun Zhang and Manocha, D.},
booktitle={Proceedings of IEEE International Conference on Robotics and Automation},
title={An efficient retraction-based RRT planner},
year={2008},
pages={3743-3750}}


@INPROCEEDINGS{Boor:1999:ICRA,
author={Boor, V. and Overmars, M.H. and van der Stappen, A.F.},
booktitle={Proceedings of IEEE International Conference  on Robotics and Automation},
title={The {Gaussian} sampling strategy for probabilistic roadmap planners },
year={1999},
pages={1018-1023}}

@article{Zheng:2005,
title = {Narrow passage sampling for probabilistic roadmap planners},
author = {Zheng Sun and David Hsu and Tingting Jiang and Hanna Kurniawati and John H. Reif},
journal = {IEEE Transactions on Robotics},
volume = {21},
number = {6},
pages = {1105-1115},
year = {2005}
}

@ARTICLE{Kavraki96,
  AUTHOR = "L. Kavraki and P. Svestka and J. C. Latombe and M. Overmars",
  TITLE = "Probabilistic Roadmaps for Path Planning in High-Dimensional
           Configuration Spaces",
  JOURNAL = "IEEE Transactions on Robotics and Automation",
  volume = 12,
  number = 4,
  pages = "566-580",
  YEAR = 1996}

@article{Hsu:2006:ijrr,
author = {David Hsu and Jean-Claude Latombe and Hanna Kurniawati},
title = {On the Probabilistic Foundations of Probabilistic Roadmap Planning},
journal = {International Journal on Robotics Research},
volume = {25},
number = {7},
pages = {627-643},
year = {2006}
}

@inproceedings{Marco:2004:WAFR,
author = {Marco Morales and Lydia Tapia and Roger Pearce and Samuel Rodriguez and Nancy M. Amato},
title = {A Machine Learning Approach for Feature-Sensitive Motion Planning},
booktitle = {Proceedings of International Workshop on Algorithmic Foundation of Robotics},
year = {2004},
pages = {361-376}
}


@INPROCEEDINGS{ Burns-RSS-05,
    AUTHOR    = {Brendan Burns and Oliver Brock},
    TITLE     = {Toward Optimal Configuration Space Sampling},
    BOOKTITLE = {Proceedings of Robotics: Science and Systems},
    YEAR      = {2005}
}

@article{Dubuisson:1993:PR,
title = "A statistical decision rule with incomplete knowledge about classes",
journal = "Pattern Recognition",
volume = "26",
number = "1",
pages = "155-165",
year = "1993",
author = "Bernard Dubuisson and Mylene Masson"
}


@INPROCEEDINGS{Burns:2005:ICRA,
author={Brendan Burns and Oliver Brock},
booktitle={Proceedings of IEEE International Conference on Robotics and Automation},
title={Sampling-Based Motion Planning Using Predictive Models},
year={2005},
pages={3120-3125}}

@inproceedings{Amato:1998:OOP,
 author = {Amato, Nancy M. and Bayazit, O. Burchan and Dale, Lucia K. and Jones, Christopher and Vallejo, Daniel},
 title = {{OBPRM}: an obstacle-based PRM for {3D} workspaces},
 booktitle = {Proceedings of Workshop on the Algorithmic Foundations of Robotics on Robotics},
 year = {1998},
 pages = {155-168}
}


@INPROCEEDINGS{Jaillet:2005:IROS,
author={Jaillet, L. and Yershova, A. and La Valle, S.M. and Simeon, T.},
booktitle={Proceedings of IEEE/RSJ International Conference on Intelligent Robots and Systems},
title={Adaptive tuning of the sampling domain for dynamic-domain {RRT}s},
year={2005},
pages={2851-2856}}


@INPROCEEDINGS{Yershova:2005:ICRA,
author={Yershova, A. and Jaillet, L. and Simeon, T. and LaValle, S.M.},
booktitle={Proceedings of IEEE International Conference on Robotics and Automation},
title={Dynamic-Domain {RRT}s: Efficient Exploration by Controlling the Sampling Domain},
year={2005},
pages={3856-3861}}


@inproceedings{Zucker:2008:ICRA,
   author = "Matthew Zucker and James Kuffner and Andrew Bagnell",
   title = "Adaptive Workspace Biasing for Sampling Based Planners",
   booktitle = "Proceedings of IEEE International Conference on Robotics and Automation",
   pages = {3757-3762},
   year = "2008",
}



@INPROCEEDINGS{Hsu:2005,
author={ Hsu, D. and Sanchez-Ante, G. and Zheng Sun},
booktitle={Proceedings of IEEE International Conference  on Robotics and Automation},
title={Hybrid {PRM} Sampling with a Cost-Sensitive Adaptive Strategy},
year={2005},
pages={ 3874-3880}}



@book{LaValle:2006,
 author = {LaValle, Steven M.},
 title = {Planning Algorithms},
 year = {2006},
publisher = {Cambridge University Press}
 }

@book{Stoyan:1996,
author = {Dietrich Stoyan and Wilfrid S. Kendall and Joseph Mecke},
title = {Stochastic Geometry and Its Applications},
year = {1996},
publisher = {John Wiley \& Sons}
}

@book{Russell:2003,
author = {Stuart Russell and Peter Norvig},
title = {Artificial Intelligence: A Modern Approach},
year = {2003},
publisher = {Prentice Hall}
}

@INPROCEEDINGS{Kuffner00,
  AUTHOR =       {J.J. Kuffner and S.M. LaValle},
  TITLE =        {{RRT}-Connect: An efficient approach to single-query path planning},
  YEAR =         {2000},
  pages = {995-1001},
  BOOKTITLE =    {Proceedings of IEEE International Conference on Robotics and Automation}
}


ï»¿@incollection {Tang:2011:WAFR,
   author = {Tang, Min and Kim, Young and Manocha, Dinesh},
   title = {{CCQ}: Efficient Local Planning Using Connection Collision Query},
   booktitle = {Algorithmic Foundations of Robotics IX},
   series = {Springer Tracts in Advanced Robotics},
   pages = {229-247},
   volume = {68},
   year = {2011}
}

@book{PR:2005,
	Author = {Sebastian Thrun and Wolfram Burgard and Dieter Fox},
	Publisher = {The MIT Press},
	Title = {Probabilistic Robotics},
	Year = {2005}}

@INPROCEEDINGS{Scholz:2010,
author={Scholz, J. and Stilman, M.},
booktitle={Proceedings of IEEE-RAS International Conference on Humanoid Robots},
title={Combining motion planning and optimization for flexible robot manipulation},
year={2010},
pages={80-85}}

@inproceedings{Diankov:2008,
   author = "Rosen Diankov and Nathan Ratliff and David Ferguson and Siddhartha Srinivasa and James Kuffner",
   title = "BiSpace Planning: Concurrent Multi-Space Exploration",
   booktitle = "Proceedings of Robotics: Science and Systems",
   year = "2008",
}

@inproceedings{Shkolnik:2009:PPD,
 author = {Shkolnik, Alexander and Tedrake, Russ},
 title = {Path planning in 1000+ dimensions using a task-space {Voronoi} bias},
 booktitle = {Proceedings of IEEE international Conference on Robotics and Automation},
 year = {2009},
 pages = {2892-2898}
}


 @inproceedings{Ailon:STOC,
 author = {Ailon, Nir and Chazelle, Bernard},
 title = {Approximate nearest neighbors and the fast Johnson-Lindenstrauss transform},
 booktitle = {Proceedings of ACM symposium on Theory of computing},
 year = {2006},
 pages = {557-563}}

@inproceedings{plaku+2007:OOPSM,
	title = {{OOPS} for Motion Planning: An Online Open-source Programming System},
	booktitle = {Proceedings of IEEE International Conference on Robotics and Automation},
	year = {2007},
	pages = {3711-3716},
	author = {Plaku, E. and Kostas E. Bekris and L. E. Kavraki}
}

@inproceedings{Brin:1995:NNS,
 author = {Brin, Sergey},
 title = {Near Neighbor Search in Large Metric Spaces},
 booktitle = {Proceedings of International Conference on Very Large Data Bases},
 year = {1995},
 pages = {574-584}
}


@inproceedings{Brian:2009:ICCV,
author = {Brian Kulis and Kristen Grauman},
title = {Kernelized locality-sensitive hashing for scalable image search},
pages = {2130-2137},
booktitle = {Proceedings of International Conference on Computer Vision},
year = {2009}}

@inproceedings{Lv:2007:MLE,
 author = {Lv, Qin and Josephson, William and Wang, Zhe and Charikar, Moses and Li, Kai},
 title = {Multi-probe {LSH}: efficient indexing for high-dimensional similarity search},
 booktitle = {Proceedings of International Conference on Very Large Data Bases},
 year = {2007},
 pages = {950-961}
}

@inproceedings{Pan:ICDE:2012,
author = {Jia Pan and Dinesh Manocha},
title = {Bi-level Locality Sensitive Hashing for K-Nearest Neighbor Computation},
booktitle = {Proceedings of International Conference on Data Engineering},
year = {2012}
}

@techreport{RNN:2010,
    title = {{Reverse Nearest Neighbors Search in High Dimensions using Locality-Sensitive Hashing}},
    author = {Arthur, David and Oudot, Y., Steve},
    affiliation = {Department of Computer Science , GEOMETRICA - INRIA Sophia Antipolis / INRIA Saclay - Ile de France},
    institution = {INRIA},
    number = {RR-7084},
    year = {2010}}

@inproceedings{Chaudhry:2010:FAN,
 author = {Chaudhry, Rizwan and Ivanov, Yuri},
 title = {Fast approximate nearest neighbor methods for non-{Euclidean} manifolds with applications to human activity analysis in videos},
 booktitle = {Proceedings of European Conference on Computer Vision},
 year = {2010},
 pages = {735-748}
}

@ARTICLE{Linial95thegeometry,
    author = {Nathan Linial and Eran London and Yuri Rabinovich},
    title = {The geometry of graphs and some of its algorithmic applications},
    journal = {Combinatorica},
    year = {1995},
    volume = {15},
    pages = {577-591}
}




@ARTICLE{Kim:2004:TVCG,
author={Kim, Y.J. and Lin, M.C. and Manocha, D.},
journal={IEEE Transactions on Visualization and Computer Graphics},
title={Incremental penetration depth estimation between convex polytopes using dual-space expansion},
year={2004},
volume={10},
number={2},
pages={152-163}}

@article{LLR,
author = {Linial, Nathan and London, Eran and Rabinovich, Yuri},
title = {The geometry of graphs and some of its algorithmic applications},
journal = {Combinatorica},
year = {1995},
pages = {215-245},
volume = {15},
number = {2}
}

@inproceedings{Jory:2012:ICRA,
author = {Jory Denny and Nancy M. Amato},
title = {The Toggle Local Planner for Probabilistic Motion Planning},
booktitle = {Proceedings of IEEE International Conference on Robotics and Automation},
year = {2012}
}

@inproceedings{Jory:2011:IROS,
author = {Jory Denny and Nancy M. Amato},
title = {{Toggle PRM}: Simultaneous Mapping of C-free and C-obstacle - A Study in {2D}},
booktitle = {Proceedings of IEEE/RSJ International Conference on Intelligent Robots and Systems},
year = {2011},
pages = {2632-2639}
}

@inproceedings{Samuel:2006,
author = {Samuel Rodriguez and Shawna Thomas and Roger Pearce and Nancy M. Amato},
title = {{RESAMPL}: A Region-Sensitive Adaptive Motion Planner},
booktitle = {Proceedings of International Workshop on Algorithmic Foundations of Robotics},
year = {2006},
pages = {285-300}
}

@inproceedings{Wong:2009,
author = {S.W.H. Wong and M. Jenkin},
title = {Exploiting collision information in probabilistic roadmap planning},
booktitle = {Proceedings of International Conference on Mechatronics},
year = {2009}
}

@inproceedings{Li:2006:VSR,
 author = {Li, Ping and Hastie, Trevor J. and Church, Kenneth W.},
 title = {Very sparse random projections},
 booktitle = {Proceedings of International Conference on Knowledge Discovery and Data Mining},
 year = {2006},
 pages = {287-296}
}

@inproceedings{Gionis:1999:SSH,
 author = {Gionis, Aristides and Indyk, Piotr and Motwani, Rajeev},
 title = {Similarity Search in High Dimensions via Hashing},
 booktitle = {Proceedings of International Conference on Very Large Data Bases},
 year = {1999},
 pages = {518-529}
}

@inproceedings{Weber:1998:QAP,
 author = {Weber, Roger and Schek, Hans-J\"{o}rg and Blott, Stephen},
 title = {A Quantitative Analysis and Performance Study for Similarity-Search Methods in High-Dimensional Spaces},
 booktitle = {Proceedings of International Conference on Very Large Databases},
 year = {1998},
 pages = {194-205}
}

@ARTICLE{Choi:1997:CAD,
  author =       {Byoung K Choi and Dae H Kim and Robert B Jerard},
  title =        {C-space approach to tool-path generation for die and mould machining},
  journal =      {Computer-Aided Design},
  year =         {1997},
  pages =        {657-669},
  volume = {9},
  number = {9}
}

@incollection{Goodman:Rourke:1997,
    author =  "M. Sharir",
    title =   "Algorithmic motion planning",
    chapter = 40,
    editor =  "J. E. Goodman and J. O'Rourke",
    booktitle =   "Handbook of Discrete and Computational Geometry",
    publisher =   "CRC Press LLC",
    address = "Boca Raton, FL",
    year =    1997,
    pages =   "209-224"
}

@ARTICLE{Sacks:SCS:1997,
    author = {Elisha Sacks and Chandrajit Bajaj},
    title = {Sliced Configuration Spaces for Curved Planar Bodies},
    journal = {International Journal of Robotics Research},
    year = {1997},
    volume = {17},
    pages = {639-651}
}

@ARTICLE{Leonidas:CCRS:1987,
        author =  "Guibas, Leonidas J and Raimund Seidel",
        title =   "Computing convolutions by reciprocal search",
        journal = {Discrete \& Computational Geometry},
        volume ={2},
        number = {1},
        year =    1987,
        pages =   "175-193"
}

@inproceedings{Perez91,
   author = "Lozano-P{\'e}rez, Tom\'{a}s and P. O'Donnell",
   title = "Parallel robot motion planning",
   booktitle = "Proceedings of IEEE International Conference on Robotics and Automation",
   year = 1991,
   pages = "1000-1007"
}


@article{GPGPU07,
	  author =	 {John D. Owens and David Luebke and Naga Govindaraju
		                    and Mark Harris and Jens Kr\"{u}ger and Aaron E.
					                      Lefohn and Tim Purcell},
	    title =	 {A Survey of General-Purpose Computation on Graphics Hardware},
	   journal =	 {Computer Graphics Forum},
	        year =	 2007,
		  volume =	 26,
		  number = 1,
		    pages =	 {80-113},
}
@article{BL91:rmp,
   author = "J. Barraquand and J.-C. Latombe",
   title = "Robot Motion Planning: A distributed Representation Approach",
   journal = "International Journal of Robotics Research",
   volume = 10,
   number = 6,
   page = "628-649",
   year = 1991}

@inproceedings{Hoff00,
  author = "K. Hoff and T. Culver and J. Keyser and M. Lin and D. Manocha",
  title = "Interactive Motion Planning Using Hardware Accelerated Computation
           of Generalized {Voronoi} Diagrams",
  booktitle = "Proceedings of IEEE International Conference on Robotics and Automation",
  pages =" 2931 - 2937",
  year = 2000}

@inproceedings{Sud07,
  author = {A. Sud and E. Andersen and S. Curtis and M. Lin and D. Manocha},
  title = {Real-time path planning for virtual agents in Dynamic environments},
  booktitle = {Proceedings of IEEE Virtual Reality},
  pages = {91-98},
  year = {2007}
}

@inproceedings{PKLM00,
  author = "C. Pisula and K. Hoff and M. C. Lin and D. Manocha",
  title = "Randomized Path Planning for a Rigid Body Based on Hardware
           Accelerated {Voronoi} Sampling",
  booktitle = "Proceedings of International Workshop on Algorithmic Foundation of Robotics",
  pages = "279-292",
  year = 2000
}

@inproceedings{FGLM01,
  author = "M. Foskey and M. Garber and M. Lin and D. Manocha",
  title = "A {Voronoi}-Based Hybrid Planner",
  booktitle = "Proceedings of IEEE International Conference on Intelligent Robots and Systems",
  pages = "55 - 60",
  year = 2001
}

@article{Lindholm2008,
author = {Erik Lindholm and John Nickolls and Stuart Oberman and John Montrym},
title = {{NVIDIA Tesla}: A Unified Graphics and Computing Architecture},
journal = {IEEE Micro},
volume = {28},
number = {2},
year = {2008},
pages = {39-55}
}

 @inproceedings{Gunther07,
 author = {Gunther, Johannes and Popov, Stefan and Seidel, Hans-Peter and Slusallek, Philipp},
 title = {Realtime Ray Tracing on {GPU} with {BVH}-based Packet Traversal},
 booktitle = {Proceedings of IEEE Symposium on Interactive Ray Tracing},
 year = {2007},
 pages = {113-118}
 }

 @inproceedings{SL01,
 author={G. Sanchez and J. Latombe},
 title={A single-query bi-directional probabilistic roadmap planner with lazy
 collision checking},
 booktitle= "Proceedings of International Symposium on Robotics Research",
 year={2001},
 pages = { 403-417}
}

@inproceedings{Amato99,
   author = "N. Amato and L. Dale",
   title = "Probabilistic Roadmap Methods are Embarrassingly Parallel",
   booktitle = "Proceedings of IEEE International Conference on Robotics and Automation",
   pages = "688-694",
   year = 1999
}


@article{LauterbachGSLM09,
  author = {Christian Lauterbach and Michael Garland and Shubhabrata Sengupta and David Luebke and Dinesh Manocha},
  journal = {Computer Graphics Forum (In Proceedings of Eurographics)},
  number = {2},
  pages = {375-384},
  title = {Fast {BVH} Construction on {GPUs}},
  volume = {28},
  year = {2009},
}

@inproceedings{Tzeng08,
 author = {Tzeng, Stanley and Wei, Li-Yi},
 title = {Parallel white noise generation on a {GPU} via cryptographic hash},
 booktitle = {Proceedings of the Symposium on Interactive {3D} Graphics and Games},
 year = {2008},
 pages = {79-87}}

 @ARTICLE{Lauterbach10,
title={g{P}roximity: Hierarchical {GPU}-based operations for collision and
distance queries},
author = {C. Lauterbach and Q. Mo and D. Manocha},
journal={Computer Graphics Forum},
year={2010},
volume={29},
number={2},
pages={419-428}
}
@INPROCEEDINGS{Garcia08,
    AUTHOR = {V. Garcia and E. Debreuve and M. Barlaud},
    TITLE = {Fast K Nearest Neighbor Search using {GPU}},
    BOOKTITLE = {Proceedings of the CVPR Workshop on Computer Vision on {GPU}},
    YEAR = {2008},
	pages = "1-6"
}

@article{Schwarzer05,
  AUTHOR =       "F. Schwarzer and M. Saha and J.C. Latombe",
  TITLE =        {Adaptive Dynamic Collision Checking for Single and Multiple Articulated Robots in Complex Environments},
  YEAR =         {2005},
  journal =       {IEEE Transactions on Robotics},
  volume =       {21},
  number =       {3},
  pages =        {338-353},
}


@INPROCEEDINGS{JK10-ICRA,
    AUTHOR = {Jr. Joseph Kider and Mark Henderson and Maxim Likhachev and Alla Safonova},
    TITLE = {High-dimensional Planning on the {GPU}},
    BOOKTITLE = {Proceedings of IEEE International Conference on Robotics and Automation},
    YEAR = {2010},
    pages={2515-2522}
}


@incollection{LM03,
  AUTHOR = "M. Lin and D. Manocha",
  TITLE = "Collision and Proximity Queries",
  BOOKTITLE = "Handbook of Discrete and Computational Geometry",
  EDITORS = "J. E. Goodman and J. O'Rourke",
  publisher = {CRC Press, Inc.},
  pages = "787-808",
  YEAR = "2004"}


@article{Kim08,
author	= {Duksu Kim and Jae-Pil Heo and Jaehyuk Huh and John Kim and Sung-Eui Yoon},
title	= {{HPCCD}: Hybrid Parallel Continuous Collision Detection using {CPUs} and {GPUs}},
journal	= {Computer Graphics Forum},
year	= {2009},
volume	= {28},
number	= {7},
pages	= {1791-1800}
}

   @article{TMT10-GMOD,
     author = {Tang, Min and Manocha, Dinesh and Tong, Ruofeng},
     title = {{MCCD}: Multi-Core collision detection between deformable models},
     journal ={Graphical Models},
     volume = {72},
     number = {2},
     year = {2010},
     pages = {7-23}
  }


 @incollection {akinc+2003:prt-p,
   author = {Akinc, Mert and Bekris, Kostas E. and Chen, Brian Y. and Ladd, Andrew M. and Plaku, Erion and Kavraki, Lydia E.},
   title = {Probabilistic Roadmaps of Trees for Parallel Computation of Multiple Query Roadmaps},
   booktitle = {Robotics Research},
   series = {Springer Tracts in Advanced Robotics},
   publisher = {Springer},
   pages = {80-89},
   volume = {15},
   year = {2005}
}


@INPROCEEDINGS{Zhang08-ICRA,
  AUTHOR    =  {L. Zhang and D. Manocha},
  TITLE     =  {A Retraction-based {RRT} Planner},
  BOOKTITLE =  {Proceedings of IEEE International Conference on Robotics and Automation},
  YEAR      =  {2008},
  pages     =  {3743-3750},
}

 @inproceedings{Aila2009,
 author = {Aila, Timo and Laine, Samuli},
 title = {Understanding the efficiency of ray traversal on {GPU}s},
 booktitle = {Proceedings of High Performance Graphics},
 year = {2009},
 pages = {145-149}
 }

 @article{Banerjee:2006,
 author = {Banerjee, Arindam and Ghosh, Joydeep},
 title = {Scalable Clustering Algorithms with Balancing Constraints},
 journal = {Data Mining and Knowledge Discovery},
 volume = {13},
 number = {3},
 year = {2006},
 pages = {365-395}
 }

 @article{Che:2008,
 author = {Che, Shuai and Boyer, Michael and Meng, Jiayuan and Tarjan, David and Sheaffer, Jeremy W. and Skadron, Kevin},
 title = {A performance study of general-purpose applications on graphics processors using {CUDA}},
 journal = {Journal of Parallel and Distributed Computing},
 volume = {68},
 number = {10},
 year = {2008},
 pages = {1370-1380}
 }

  @book{Joesphbook,
 author = {J\'{a}J\'{a}, Joseph},
 title = {An Introduction to Parallel Algorithms},
 year = {1992},
 publisher = {Addison Wesley Longman Publishing Co., Inc.}
 }

 @misc{Mark:2009:sdk,
author = {Mark Harris},
title = {Optimizing parallel reduction in {CUDA}},
year = {2009},
howpublished = {NVIDIA Developer Technology}}
}

@inproceedings{Kolahdouzan:2004,
 author = {Kolahdouzan, Mohammad and Shahabi, Cyrus},
 title = {{Voronoi}-based K nearest neighbor search for spatial network databases},
 booktitle = {Proceedings of International Conference on Very Large Databases},
 year = {2004},
 pages = {840-851}
}

@inproceedings{Hu:2010:VSQ,
 author = {Hu, Ling and Ku, Wei-Shinn and Bakiras, Spiridon and Shahabi, Cyrus},
 title = {Verifying spatial queries using {Voronoi} neighbors},
 booktitle = {Proceedings of SIGSPATIAL International Conference on Advances in Geographic Information Systems},
 year = {2010},
 pages = {350-359}}

 @inproceedings{Kleinberg:1997,
 author = {Kleinberg, Jon M.},
 title = {Two algorithms for nearest-neighbor search in high dimensions},
 booktitle = {Proceedings of Symposium on Theory of Computing},
 year = {1997},
 pages = {599-608}
}



@INPROCEEDINGS{BilevelLSH2011,
author={Jia Pan and Dinesh Manocha},
booktitle={Proceedings of IEEE International Conference on Data Engineering},
title={Bi-level Locality Sensitive Hashing for k-Nearest Neighbor Computation},
year={2012},
pages={378-389}}


 @inproceedings{Gionis:vldb:99,
 author = {Gionis, Aristides and Indyk, Piotr and Motwani, Rajeev},
 title = {Similarity Search in High Dimensions via Hashing},
 booktitle = {Proceedings of International Conference on Very Large Databases},
 year = {1999},
 pages = {518-529}}

 @inproceedings{yoav:nips:2007,
author = {Yoav Freund and Sanjoy Dasgupta and Mayank Kabra and Nakul Verma},
title = {Learning the structure of manifolds using random projections},
booktitle = {Proceedings of Advances in Neural Information Processing Systems},
year = {2007}}

@inproceedings{Dasgupta:2008,
 author = {Dasgupta, Sanjoy and Freund, Yoav},
 title = {Random projection trees and low dimensional manifolds},
 booktitle = {Proceedings of Symposium on Theory of Computing},
 year = {2008},
 pages = {537-546}
}

@inproceedings{aman:nips:2010,
author = {Aman Dhesi and Purushottam Kar},
title = {Random Projection Trees Revisted},
booktitle = {Proceedings of Advances in Neural Information Processing Systems},
year = {2010}}

@inproceedings{weiss:nips:2008,
author = {Yair Weiss and Antonio Torralba and Rob Fergus},
title = {Spectral hashing},
booktitle = {Proceedings of Advances in Neural Information Processing Systems},
year = {2008}}

 @inproceedings{He:2007:EGS,
 author = {He, Bingsheng and Govindaraju, Naga K. and Luo, Qiong and Smith, Burton},
 title = {Efficient gather and scatter operations on graphics processors},
 booktitle = {Proceedings of International Conference on Supercomputing},
 year = {2007},
}

@incollection{Horn:2005:gpugems,
	author = {Daniel Horn},
	title = {Stream reduction operations for {GPGPU} applications},
	booktitle = {{GPU} Gems 2},
	year = {2005},
	pages = {573-589},
	publisher = {Addison Wesley}
}

@inproceedings{Zhou:2008:RKC,
 author = {Zhou, Kun and Hou, Qiming and Wang, Rui and Guo, Baining},
 title = {Real-time KD-tree construction on graphics hardware},
 booktitle = {Proceedings of SIGGRAPH Asia},
 year = {2008},
 pages = {126:1-126:11}
}

@inproceedings{Sengupta:2007:SPG,
 author = {Sengupta, Shubhabrata and Harris, Mark and Zhang, Yao and Owens, John D.},
 title = {Scan primitives for {GPU} computing},
 booktitle = {Proceedings of Symposium on Graphics Hardware},
 year = {2007},
 pages = {97-106}
}

@article{Egecioglu:1989:ADS,
 author = {Egecioglu, \"{O}mer and Kalantari, Bahman},
 title = {Approximating the diameter of a set of points in the {Euclidean} space},
 journal = {Information Processing Letters},
 volume = {32},
 issue = {4},
 year = {1989},
 pages = {205-211}
}

@article{Pagh:2004:CH,
 author = {Pagh, Rasmus and Rodler, Flemming Friche},
 title = {Cuckoo hashing},
 journal = {Journal of Algorithms},
 volume = {51},
 issue = {2},
 year = {2004},
 pages = {122-144}
}

@article{Alcantara:2009:RPH,
 author = {Alcantara, Dan A. and Sharf, Andrei and Abbasinejad, Fatemeh and Sengupta, Shubhabrata and Mitzenmacher, Michael and Owens, John D. and Amenta, Nina},
 title = {Real-time parallel hashing on the {GPU}},
 journal = {ACM Transactions on Graphics},
 volume = {28},
 issue = {5},
 year = {2009},
 pages = {154:1-154:9}}



@inproceedings{Pan:IROS:2010,
author = {Jia Pan and Christian Lauterbach and Dinesh Manocha},
title = {Efficient nearest-neighbor computation for {GPU}-based motion planning},
booktitle = {Proceedings of International Conference on Intelligent Robots and Systems},
year = {2010},
pages = {2243-2248}
}

@article{Rao:1988:CAP,
 author = {Rao, V. N. and Kumar, V.},
 title = {Concurrent Access of Priority Queues},
 journal = {IEEE Transactions on Computers},
 volume = {37},
 issue = {12},
 year = {1988},
 pages = {1657-1665}}


@article{Sundell:2005:FLC,
 author = {Sundell, H{\aa}kan and Tsigas, Philippas},
 title = {Fast and lock-free concurrent priority queues for multi-thread systems},
 journal = {Journal of Parallel and Distributed Computing},
 volume = {65},
 issue = {5},
 year = {2005},
 pages = {609-627}
}

@book{Knuth:1998:ACP,
 author = {Knuth, Donald E.},
 title = {The Art of Computer Programming,  Volume 3: Sorting and Searching},
 year = {1998},
 publisher = {Addison Wesley Longman Publishing Co., Inc.}
}

 @inproceedings{Kaligosi:2005,
 author = {Kanela Kaligosi and Kurt Mehlhorn and J.Ian Munro and Peter Sanders},
 title ={Towards optimal multiple selection},
 booktitle = {Proceedings of International Colloquium on Automata, Languages and Programming},
 pages = {103-114},
 year = {2005}
 }

 @inproceedings{Merrill:2010:RSG,
 author = {Merrill, Duane G. and Grimshaw, Andrew S.},
 title = {Revisiting sorting for {GPGPU} stream architectures},
 booktitle = {Proceedings of International Conference on Parallel architectures and compilation techniques},
 year = {2010},
 pages = {545-546}
}

@article{anna:2011,
author = {Anna Petrovskaya and Oussama Khatib},
title = {Global Localization of Objects via Touch},
journal = {Transactions on Robotics},
 volume = {27},
 issue = {3},
 year = {2011},
 pages = {569-585}
}


@inproceedings{Steinke:2005,
	Author = {Florian Steinke and Bernhard Sch\"{o}lkopf and Volker Blanz},
	Booktitle = {Proceedings of Eurographics},
	Pages = {285-294},
	Title = {Support Vector Machines for {3D} Shape Processing},
	Year = {2005}}

@inproceedings{Bernhard:2005nips,
	Author = {Bernhard {Sch\"{o}lkopf} and Joachim {Giesen} and Simon {Spalinger}},
	Booktitle = {Proceedings of Advances in Neural Information Processing Systems},
	Pages = {1193-1200},
	Title = {Kernel Methods for Implicit Surface Modeling},
	Year = {2005}}


@inproceedings{Missiuro:2006,
	Author = {Patrycja E. Missiuro and Nicholar Roy},
	Title = {Adapting probabilistic roadmaps to handle uncertain maps},
	BookTitle = {Proceedings of International Conference on Robotics and Automation},
	Pages = {1261-1267},
	Year = {2006}}

@inproceedings{Pauly:2004,
	Author = {M. Pauly and N. J. Mitra and Guibas, Leonidas J},
	Booktitle = {Proceedings of Symposium on Point-Based Graphics},
	Pages = {77-84},
	Title = {Uncertainty and Variability in Point Cloud Surface Data},
	Year = {2004}}

@article{Bae:2009,
	Author = {Kwang-Ho Bae and David Belton and Derek D. Lichti},
	Issn = {0162-8828},
	Journal = {Transactions on Pattern Analysis and Machine Intelligence},
	Pages = {577-590},
	Title = {A Closed-Form Expression of the Positional Uncertainty for {3D} Point Clouds},
	Volume = {31},
	Year = {2009}}

@inproceedings{Lien:2007,
	Author = {Lien, Jyh-Ming},
	Booktitle = {Proceedings of Pacific Graphics},
	Pages = {261-270},
	Title = {Point-Based {Minkowski} Sum Boundary},
	Year = {2007}}

@inproceedings{Sternemann:2007,
	Author = {Denis Steinemann and Miguel Otaduy and Markus Gross},
	Booktitle = {Proceedings of Symposium on Point-Based Graphics},
	Pages = {57-64},
	Title = {Efficient Bounds for Point-Based Animations},
	Year = {2007}}

@inproceedings{Jenke:2006,
	Author = {Jenke, P. and Wand, M. and Bokeloh, M. and Schilling, A. and Stra{\ss}er, W.},
	Booktitle = {Proceedings of Eurographics},
	Pages = {379-388},
	Title = {Bayesian Point Cloud Reconstruction},
	Year = {2006}}

@inproceedings{Jan:2004,
	Author = {Jan Klein and Gabriel Zachmann},
	Booktitle = {Proceedings of Eurographics},
	Pages = {567-576},
	Title = {Point Cloud Collision Detection},
	Year = {2004}}

@article{Hubbard:1996,
 author = {Hubbard, Philip M.},
 title = {Approximating polyhedra with spheres for time-critical collision detection},
 journal = {Transactions on Graphics},
 volume = {15},
 issue = {3},
 month = {July},
 year = {1996},
 pages = {179-210}}

 @inproceedings{Ponamgi:1995,
 author = {Ponamgi, Madhav and Manocha, Dinesh and Lin, Ming C.},
 title = {Incremental algorithms for collision detection between solid models},
 booktitle = {Proceedings of Symposium on Solid Modeling and Applications},
 year = {1995},
 pages = {293-304}
}

@incollection{Mount:2004,
	Author = {Mount, David M.},
	Booktitle = {Handbook of Discrete and Computational Geometry},
	Editors = {J. E. Goodman and J. O'Rourke},
	Pages = {857-876},
	Publisher = {CRC Press, Inc.},
	Title = {Geometric Intersection},
	Year = {2004}}

@incollection{Guibas:wafr2009,
	Author = {Guibas, Leonidas J and Hsu, David and Kurniawati, Hanna and Rehman, Ehsan},
	Booktitle = {Algorithmic Foundation of Robotics VIII},
	Pages = {199-215},
	Title = {Bounded Uncertainty Roadmaps for Path Planning},
	Volume = {57},
	Year = {2009},
    editors = { Gregory S. Chirikjian and Howie Choset and Marco Morales and Todd Murphey },
    publisher = {Springer }
    }

@inproceedings{Ioan:2010,
	Author = {Ioan A. Sucan and Mrinal Kalakrishnan and Sachin Chitta},
	Booktitle = {Proceedings of International Conference on Robotics and Automation},
	Pages = {2895-2901},
	Title = {Combining Planning Techniques for Manipulation Using Realtime Perception},
	Year = {2010}}


@inproceedings {Mrinal:2011,
	Title = {{STOMP}: Stochastic Trajectory Optimization for Motion Planning},
	Booktitle = {Proceedings of International Conference on Robotics and Automation},
	Year = {2011},
	Author = {Mrinal Kalakrishnan and Sachin Chitta and Evangelos Theodorou and Peter Pastor and Stefan Schaal}
}

 @inproceedings{Lee:haptics:2007,
    author = {Jae-Kyu Lee and Young J. Kim},
    title = {Haptic Rendering of Point Set Surfaces},
    booktitle = {Proceedings of EuroHaptics},
    year = {2007},
    pages = {513-518}}

 @article{Fan:2008:LLL,
 author = {Fan, Rong-En and Chang, Kai-Wei and Hsieh, Cho-Jui and Wang, Xiang-Rui and Lin, Chih-Jen},
 title = {{LIBLINEAR}: A Library for Large Linear Classification},
 journal = {Journal of Machine Learning Research},
 volume = {9},
 year = {2008},
 pages = {1871-1874}
}

@inproceedings{Ali:nips:2007,
author = {Ali Rahimi and Benjamin Recht},
title = {Random features for large-scale kernel machines},
booktitle = {Proceedings of Advances in Neural Information Processing Systems},
year = {2007}}

@inproceedings{Gert:nips:2001,
author = {Gert Cauwenberghs and Tomaso Poggio},
title = {Incremental and Decremental Support Vector
Machine Learning},
booktitle = {Proceedings of Advances in Neural Information Processing Systems},
year = {2001}}

@article{Govindaraju:2006:VRST,
	Author = {Govindaraju, N.K. and Lin, M.C. and Manocha, D.},
	Journal = {Transactions on Visualization and Computer Graphics},
	Number = {2},
	Pages = {143 -154},
	Title = {Fast and reliable collision culling using graphics hardware},
	Volume = {12},
	Year = {2006}}

@inproceedings{Bi:2005,
	Author = {Jinbo Bi and Tong Zhang},
	Booktitle = {Proceedings of Advances in Neural Information Processing Systems},
	Pages = {161-168},
	Title = {Support vector classification with input data uncertainty},
	Year = {2005}}

    @article{Berkson:1950,
     title = {Are There Two Regressions?},
     author = {Berkson, Joseph},
     journal = {Journal of the American Statistical Association},
     volume = {45},
     number = {250},
     pages = {164-180},
     year = {1950}
    }

    @article{Hofmann:2008,
        title = {Kernel methods in machine learning},
        author = {Thomas Hofmann and Bernhard Sch\"{o}lkopf and Alexander J. Smola},
        journal = {The Annals of Statistics},
        volume = {36},
        number = {3},
        pages = {1171-1220},
        year = {2008}
    }


@article{Shivaswamy:2006:SOC,
 author = {Shivaswamy, Pannagadatta K. and Bhattacharyya, Chiranjib and Smola, Alexander J.},
 title = {Second Order Cone Programming Approaches for Handling Missing and Uncertain Data},
 journal = {Journal of Machine Learning Research},
 volume = {7},
 month = {Dec.},
 year = {2006},
 pages = {1283-1314}
}

@Manual{CC01a,
  author =	 {Chih-Chung Chang and Chih-Jen Lin},
  title =	 {{LIBSVM}: a library for support vector machines},
  year =	 {2001}
}


@inproceedings{Rusu:2009:IROS,
booktitle = {Proceedings of International Conference on Intelligent Robots and Systems},
title = {Close-range scene segmentation and reconstruction of {3D} point cloud maps for mobile manipulation in domestic environments},
author  = {Radu Bogdan Rusu and Nico Blodow and Zoltan Csaba Marton and Michael Beetz},
year = {2009},
pages = {1-9}
}

@inproceedings{Rusu:RPG:2009,
author = {Rusu, Radu Bogdan and Sucan, Ioan A. and Gerkey, Brian and Chitta, Sachin and Beetz, Michael and Kavraki, Lydia E.},
title = {Real-time Perception Guided Motion Planning for a Personal Robot},
booktitle = {In Proceedings of International Conference on Intelligent Robots and Systems},
pages = {4245-4252},
year = {2009}
}

@inproceedings{Alexe:2010:CVPR,
booktitle = {Proceedings of International Conference on Computer Vision and Pattern Recognition},
title = {What is an object?},
author = {Bogdan Alexe and Thomas Deselaers and Vittorio Ferrari},
pages = {73-80},
year = {2010}}

@inproceedings{Muja:2011:ICRA,
booktitle = {Proceedings of International Conference on Robotics and Automation},
title = {{REIN} - A fast, robust, scalable recognition infrastructure},
author = {Marius Muja and Radu Bogdan Rusu and Gary Bradski and David G. Lowe},
pages = {2939-2946},
year = {2011}
}

@inproceedings{Pan:ICRA:2012,
author = {Jia Pan and Sachin Chitta and Dinesh Manocha},
booktitle={Proceedings of International Conference on Robotics and Automation},
title={{FCL}: A general purpose library for collision and proximity queries},
year={2012},
url = {http://gamma.cs.unc.edu/FCL},
pages={3859-3866}}


@article{Khatib:IJRR:1986,
author = {Oussama Khatib},
title = {Real-time obstacle avoidance for manipulators and mobile robot},
journal = {International Journal of Robotics Research},
volume = {5},
number = {1},
pages = {90-98},
year = {1988}
}

@book{Arnold:1989,
author = {V.I. Arnold},
title = {Mathematical Methods of Classical Mechanics},
year = {1989},
publisher = {Springer}
}

@INPROCEEDINGS{Zhang:2007:IROS,
author={Liangjun Zhang and Kim, Y.J. and Manocha, D.},
booktitle={Proceedings of International Conference on Intelligent Robots and Systems},
title={A hybrid approach for complete motion planning},
year={2007},
pages={7-14}}


@inproceedings{Tracy:2009:ELS,
 author = {Tracy, Daniel J. and Buss, Samuel R. and Woods, Bryan M.},
 title = {Efficient Large-Scale Sweep and Prune Methods with AABB Insertion and Removal},
 booktitle = {Proceedings of the IEEE Virtual Reality Conference},
 year = {2009},
 pages = {191--198}
}

@article{Bandi:1995,
author = {Srikanth Bandi and Daniel Thalmann},
title = {An adaptive spatial subdivision of the object space for fast collision detection of animating rigid bodies},
journal = {Computer Graphics Forum},
year = {1993},
volume = {14},
pages = {259-270}
}

@techreport{Morton:1966,
author = {Morton, G.M.},
title = {A computer oriented geodetic data base and a new technique in file sequencing},
institution = {IBM Ltd},
address = {Ottawa, Canada},
year = {1966}
}

@misc{ODE,
title = "Open Dynamics Engine",
howpublished = "\url{http://www.ode.org}",
author = {Russell Smith},
year = {2000}}


@inproceedings{Leeper:ICRA:2012,
author = {Adam Leeper and Sonny Chan and Kenneth Salisbury},
booktitle = {Proceedings of International Conference on Robotics and Automation},
title = {Point clouds can be represented as implicit surfaces for constraint-based haptic rendering},
year = {2012},
pages = {5000-5005}
}

@incollection{HRP-Cyber,
year={2011},
booktitle={Robotics Research},
volume={70},
series={Springer Tracts in Advanced Robotics},
editor={Pradalier, Cedric and Siegwart, Roland and Hirzinger, Gerhard},
title={Cybernetic Human HRP-4C: A Humanoid Robot with Human-Like Proportions},
publisher={Springer Berlin Heidelberg},
author={Kajita, Shuuji and Kaneko, Kenji and Kaneiro, Fumio and Harada, Kensuke and Morisawa, Mitsuharu and Nakaoka, Shin’ichiro and Miura, Kanako and Fujiwara, Kiyoshi and Neo, EeSian and Hara, Isao and Yokoi, Kazuhito and Hirukawa, Hirohisa},
pages={301-314}
}
